@INPROCEEDINGS{forrest:investigation,
	AUTHOR = {Forrest, A. L. and Bohm, H. and Laval, B. and Magnusson, E. and Yeo, R. and Doble, M. J.}, 
	TITLE = {Investigation of under-ice thermal structure: small AUV deployment in Pavilion Lake, BC, Canada},
	BOOKTITLE = {OCEANS 2007},
	PAGES = {1-9},
	VOLUME = {1}, 
	YEAR = {2007},	}
		
@INPROCEEDINGS{stoker:exploration,
	AUTHOR = {Stoker, C. R . and Barch, D. and Farmer, J. and Flagg, M. and Healy, T. and Tengdin, T. and Thomas, H. and Schwer, K. and Stakes, D.},
	TITLE = {Exploration of Mono Lake with an ROV: a prototype experiment for the MAPS AUV program},
	BOOKTITLE = {Autonomous Underwater Vehicle Technology, Proceedings of the 1996 Symposium on}, 
	PAGES = {33-40},
	MONTH = {June},
	YEAR = {1996},	}
	
@INPROCEEDINGS{kumagai:newAUV,
	AUTHOR = {Kumagai, M. and Ura, T. and Kuroda, Y. and Walker, R.},
	TITLE = {New AUV designed for lake environment monitoring},
	BOOKTITLE = {Underwater Technology, 2000. UT 00. Proceedings of the 2000 International Symposium on},
	PAGES = {78-83},
	YEAR = {2000},	} 

@INPROCEEDINGS{mcbratney:exploration,
	AUTHOR = {McBratney, A. B. and Webster, R. and Burgess, T. M.},
	TITLE = {The design of optimal sampling schemes for local estimation and mapping of of regionalized variables I: Theory and method},
	BOOKTITLE = {Computers and Geosciences},
	VOLUME = {7},
	PAGES = {331-334},
	MONTH = {June},
	YEAR = {1981},	}

@INPROCEEDINGS{popa:adaptive,
	AUTHOR = {Popa, D. O. and Sanderson, A. C. and Komerska, R. J. and Mupparapu, S. S. and Blidberg, D. R. and Chappel, S. G.},
	TITLE = {Adaptive sampling algorithms for multiple autonomous underwater vehicles},
	BOOKTITLE = {Autonomous Underwater Vehicles, 2004 IEEE/OES},
	PAGES = {108-118},
	MONTH = {June},
	YEAR = {2004},	}
	
@INPROCEEDINGS{zhang:adaptive,
	AUTHOR = {Zhang, B. and Sukhatme, G. S.},
	TITLE = {Adaptive Sampling for Estimating a Scalar Field using a Robotic Boat and a Sensor Network},
	BOOKTITLE = {Robotics and Automation, 2007 IEEE International Conference on},
	PAGES = {3673-3680},
	MONTH = {April}, 
	YEAR = {2007},	}

@INPROCEEDINGS{witt:go,
	AUTHOR = {Witt, J. and Dunbabin, M.},
	TITLE = {Go with the Flow: Optimal AUV Path Planning in Coastal Environments},
	BOOKTITLE = {Australian Conference on Robotics and Automation, 2008}, 
	YEAR = {2008},	}	
	
@ARTICLE{smith:autonomous,
	AUTHOR = {Smith, R. N. and Chao, Y. and Li, P. P. and Caron, D. A. and Jones, B. H. and Sukhatme, G. S.},
	TITLE = {Planning and Implementing Trajectories for Autonomous Underwater Vehicles to Track Evolving Ocean Processes based on Predictions from a Regional Ocean Model},
	JOURNAL = {International Journal of Robotics Research},
	VOLUME = {29},
	PAGES = {1475-1497},
	YEAR = {2010}, }
	
@INPROCEEDINGS{caldwell:reconfiguring,
	AUTHOR = {Caldwell, C. V. and Dunlap, D. D. and Collins, E. G.},
	TITLE = {Motion planning for an autonomous Underwater Vehicle via Sampling Based Model Predictive Control},
	BOOKTITLE = {OCEANS 2010},
	PAGES = {1-6},
	MONTH = {September}, 
	YEAR = {2010},	}

@INPROCEEDINGS{delhomme:kriging,
	AUTHOR = {Delhomme, J. P.}, 
	TITLE = {Kriging in the hydrosciences},
	BOOKTITLE = {Advances in Water Resources},
	VOLUME = {1},
	ISSUE = {5},
	PAGES = {251-266},
	MONTH = {September}, 
	YEAR = {1978},	}
	
@INPROCEEDINGS{ho:where,
	author={Ho, C. and Saripalli, S.}, 
	booktitle={Robotic and Sensors Environments (ROSE), 2011 IEEE International Symposium on}, 
	title={Where do you sample? - An autonomous underwater vehicle story}, 
	year={2011}, 
	month={September},
	pages={119-124}, }
	
@INPROCEEDINGS{ho:icra2012, 
	author={Ho, C. and Mora, A. and Saripalli, S.}, 
	booktitle={Robotics and Automation, 2012, 2012 IEEE International Conference on}, 
	title={An Evaluation of Sampling Path Strategies for an Autonomous Underwater Vehicle}, 
	month={May},
	year={2012}, }
	
@ARTICLE{german:hydro,
	author = {German, C. R. and Yoerger, D. R. and Jakuba, M. and Shank, T. M. and Langmuir, C. H. and Nakamura, K.},
	title = {Hydrothermal exploration with the Autonomous Benthic Explorer},
	journal = {Deep Sea Research Part I: Oceanographic Research Papers},
	volume = {55},
	number = {2},
	pages = {203-219},
	year = {2008}, }
	
@BOOK{van:subspace,
	AUTHOR = {van Overschee, P. and De Moor, B.}, 
	TITLE = {Subspace Identification of Linear Systems: Theory, Implementation, Applications},
	PUBLISHER = {Kluwer Academic Publishers}, 
	YEAR = {1996}	}

@INPROCEEDINGS{cruz:thermoclines, 
	author={Cruz, N.A. and Matos, A.C.}, 
	booktitle={OCEANS 2010}, 
	title={Adaptive sampling of thermoclines with Autonomous Underwater Vehicles}, 
	year={2010}, 
	month={September},
	pages={1-6},	}
	
@INPROCEEDINGS{haeger:vertGradModel, 
	author={Haeger, S.D.}, 
	booktitle={OCEANS '95. MTS/IEEE. Challenges of Our Changing Global Environment. Conference Proceedings.}, 
	title={Vertical representation of ocean temperature profiles with a gradient feature model},   
	volume={1},  
	pages={579-585},
	month={October},
	year={1995},	}
	
@INPROCEEDINGS{chen:adaptive, 
	author={Chen, B. and Pandey, P. and Pompili, D.}, 
	booktitle={IFAC Conference on Manoeuvring and Control of Marine Craft (MCMC), 2012}, 
	title={An Adaptive Sampling Solution using Autonomous Underwater Vehicles}, 
	year={2012}, 
	month={August},	}
	
@article{devore:deterministic,
	author = {DeVore, R. A.},
	title = {Deterministic constructions of compressed sensing matrices},
	journal = {Journal of Complexity},
	volume = {23},
	number = {4–6},
	pages = {918-925},
	year = {2007}, }
	
@ARTICLE{donoho:compressed, 
	author={Donoho, D.L.}, 
	journal={Information Theory, IEEE Transactions on}, 
	title={Compressed sensing}, 
	year={2006}, 
	month={April}, 
	volume={52}, 
	number={4}, 
	pages={1289-1306}, }
	
@ONLINE{iver2:internet,
	author = {Technology Inc., Ocean Server},
	title = {IVER2, AUV@ONLINE},
	url = {\small{http://www.oceanserver-store.com/iver2auv.html}},
	month = {December},
	year = {2012} }
	
@BOOK{chiles:ordKrig,
	AUTHOR = {Chil\`{e}s, J.P and Delfiner, P.}, 
	TITLE = {Geostatistics, Modeling Spatial Uncertainty},
	PUBLISHER = {Wiley, 2nd Ed.}, 
	YEAR = {2012}	}
	
@INPROCEEDINGS{dunbabin:catamaran, 
author ={Dunbabin, M. and Grinham, A.}, 
booktitle ={Robotics and Automation (ICRA), 2010 IEEE International Conference on}, 
title ={Experimental evaluation of an Autonomous Surface Vehicle for water quality and greenhouse gas emission monitoring}, 
year ={2010}, 
pages ={5268-5274}, }

@ARTICLE{bennett:behavior, 
author={Bennett, A.A. and Leonard, J.J.}, 
journal={Oceanic Engineering, IEEE Journal of}, 
title={A behavior-based approach to adaptive feature detection and following with autonomous underwater vehicles}, 
year={2000}, 
volume={25}, 
number={2}, 
pages={213-226}, }
	
	
	
	
	