@INPROCEEDINGS{forrest:investigation,
	AUTHOR = "A. L. Forrest and H. Bohm and B.  Laval and E. Magnusson and R. Yeo and M. J.  Doble", 
	TITLE = "Investigation of under-ice thermal structure: small AUV deployment in Pavilion Lake, BC, Canada",
	BOOKTITLE = "OCEANS 2007",
	PAGES = "1-9",
	VOLUME = "1", 
	YEAR = {2007}	}
		
@INPROCEEDINGS{stoker:exploration,
	AUTHOR = "C. R . Stoker and D. Barch and J. Farmer and M.  Flagg and T.  Healy and T. Tengdin and H. Thomas and K. Schwer and D. Stakes",
	TITLE = "Exploration of Mono Lake with an ROV: a prototype experiment for the MAPS AUV program",
	BOOKTITLE = "Autonomous Underwater Vehicle Technology, Proceedings of the 1996 Symposium on ", 
	PAGES = "33-40",
	MONTH = "June",
	YEAR = {1996}	}
	
@INPROCEEDINGS{kumagai:newAUV,
	AUTHOR = "M. Kumagai and T. Ura and Y. Kuroda and R. Walker",
	TITLE = "New AUV designed for lake environment monitoring",
	BOOKTITLE = "Underwater Technology, 2000. UT 00. Proceedings of the 2000 International Symposium on ",
	PAGES = "78-83",
	YEAR = {2000}	} 

@INPROCEEDINGS{mcbratney:exploration,
	AUTHOR = "A. B. McBratney and R. Webster and T. M. Burgess",
	TITLE = "The design of optimal sampling schemes for local estimation and mapping of of regionalized variables I: Theory and method",
	BOOKTITLE = "Computers and Geosciences",
	VOLUME = "7",
	PAGES = "331-334",
	MONTH = "June",
	YEAR = {1981}	}

@INPROCEEDINGS{popa:adaptive,
	AUTHOR = "D. O. Popa and A. C. Sanderson and R. J. Komerska and S. S. Mupparapu and D. R. Blidberg and S. G. Chappel",
	TITLE = "Adaptive sampling algorithms for multiple autonomous underwater vehicles",
	BOOKTITLE = "Autonomous Underwater Vehicles, 2004 IEEE/OES",
	ORGANIZATION = "IEEE/OES",
	PAGES = "108- 118",
	MONTH = "June",
	YEAR = {2004}	}
	
@INPROCEEDINGS{zhang:adaptive,
	AUTHOR = "B. Zhang and G. S. Sukhatme",
	TITLE = "Adaptive Sampling for Estimating a Scalar Field using a Robotic Boat and a Sensor Network",
	BOOKTITLE = "Robotics and Automation, 2007 IEEE International Conference on,",
	PAGES = "3673-3680",
	ORGANIZATION = "IEEE",
	MONTH = "April", 
	YEAR = {2007}	}

@INPROCEEDINGS{witt:go,
	AUTHOR = "J. Witt and M. Dunbabin",
	TITLE = "Go with the Flow: Optimal AUV Path Planning in Coastal Environments",
	BOOKTITLE = "Australian Conference on Robotics and Automation, 2008", 
	YEAR = {2008}	}	
	
@INPROCEEDINGS{smith:autonomous,
	AUTHOR = "R. N. Smith and A. Pereira and Yi Chao and P. P. Li and D. A. Caron and B. H. Jones and G. S. Sukhatme",
	TITLE = "Autonomous Underwater Vehicle trajectory design coupled with predictive ocean models: A case study", 
	BOOKTITLE = "Robotics and Automation (ICRA), 2010 IEEE International Conference on,",
	PAGES = "4770-4777",
	ORGANIZATION = "IEEE",
	MONTH = "May", 
	YEAR = {2010}	}
	
@INPROCEEDINGS{caldwell:reconfiguring,
	AUTHOR = "C. V. Caldwell and D. D. Dunlap and E. G. Collins, ",
	TITLE = "Motion planning for an autonomous Underwater Vehicle via Sampling Based Model Predictive Control",
	BOOKTITLE = "OCEANS 2010",
	PAGES = "1-6",
	ORGANIZATION = "OCEANS",
	MONTH = "September", 
	YEAR = {2010}	}

@INPROCEEDINGS{delhomme:kriging,
	AUTHOR = "J. P. Delhomme", 
	TITLE = "Kriging in the hydrosciences",
	BOOKTITLE = "Advances in Water Resources",
	VOLUME = "1",
	ISSUE = "5",
	PAGES = "251-266",
	MONTH = "September", 
	YEAR = {1978}	}
	
@INPROCEEDINGS{ho:where, 
	author={Ho, C. and Saripalli, S.}, 
	booktitle={Robotic and Sensors Environments (ROSE), 2011 IEEE International Symposium on}, 
	title={Where do you sample? - An autonomous underwater vehicle story}, 
	year={2011}, 
	month={September},
	pages={119 -124}, }
	
@ARTICLE{german:hydro,
	author = "Christopher R. German and Dana R. Yoerger and Michael Jakuba and Timothy M. Shank and Charles H. Langmuir and Ko-ichi Nakamura",
	title = "Hydrothermal exploration with the Autonomous Benthic Explorer",
	journal = "Deep Sea Research Part I: Oceanographic Research Papers",
	volume = "55",
	number = "2",
	pages = "203 - 219",
	year = "2008", }
